 
 
 <record> 
  <leader>01198ngm  2200373   4500</leader> 
  <controlfield tag="001">kr30764009</controlfield> 
  <controlfield tag="008">921231s1992    xx                ||fin  </controlfield> 
  <datafield tag="035" ind1=" " ind2=" "> 
   <subfield code="a">(FI-HELMET)b1000004</subfield> 
  </datafield> 
  <datafield tag="041" ind1="1" ind2=" "> 
   <subfield code="a">fineng</subfield> 
   <subfield code="h">(eng)</subfield> 
  </datafield> 
  <datafield tag="245" ind1="1" ind2="0"> 
   <subfield code="a">007 ja kultainen ase /</subfield> 
   <subfield code="c">directed by Guy Hamilton ; screenplay by Richard Maibaum and Tom Mankiewicz ; music score by John Barry ; perustuu Ian Flemingin teokseen</subfield> 
  </datafield> 
  <datafield tag="260" ind1=" " ind2=" "> 
   <subfield code="a">Espoo :</subfield> 
   <subfield code="b">Fazer Video,</subfield> 
   <subfield code="c">1992</subfield> 
  </datafield> 
  <datafield tag="300" ind1=" " ind2=" "> 
   <subfield code="a">1 videokas. (2 h 5 min) :</subfield> 
   <subfield code="b">vär.</subfield> 
  </datafield> 
  <datafield tag="506" ind1=" " ind2=" "> 
   <subfield code="a">K15, T-83387. - Lainausoikeus</subfield> 
  </datafield> 
  <datafield tag="511" ind1="0" ind2=" "> 
   <subfield code="a">Pääosissa: Roger Moore, Christopher Lee, Britt Ekland</subfield> 
  </datafield> 
  <datafield tag="534" ind1=" " ind2=" "> 
   <subfield code="c">Danjaq, 1974</subfield> 
  </datafield> 
  <datafield tag="546" ind1=" " ind2=" "> 
   <subfield code="a">Tekstitys: suomi, ääniraita: englanti</subfield> 
  </datafield> 
  <datafield tag="575" ind1=" " ind2=" "> 
   <subfield code="a">Luett. EL</subfield> 
  </datafield> 
  <datafield tag="575" ind1=" " ind2=" "> 
   <subfield code="a">Kipa</subfield> 
  </datafield> 
  <datafield tag="588" ind1=" " ind2=" "> 
   <subfield code="a">1.4</subfield> 
  </datafield> 
  <datafield tag="589" ind1=" " ind2=" "> 
   <subfield code="a">2.4</subfield> 
  </datafield> 
  <datafield tag="590" ind1=" " ind2=" "> 
   <subfield code="a">1.4</subfield> 
  </datafield> 
  <datafield tag="599" ind1=" " ind2=" "> 
   <subfield code="a">VIDEO</subfield> 
  </datafield> 
  <datafield tag="600" ind1="1" ind2="4"> 
   <subfield code="a">Bond, James</subfield> 
  </datafield> 
  <datafield tag="650" ind1=" " ind2="4"> 
   <subfield code="a">rikoselokuvat</subfield> 
  </datafield> 
  <datafield tag="650" ind1=" " ind2="4"> 
   <subfield code="a">elokuvat</subfield> 
  </datafield> 
  <datafield tag="650" ind1=" " ind2="4"> 
   <subfield code="a">1970-luku</subfield> 
  </datafield> 
  <datafield tag="651" ind1=" " ind2="4"> 
   <subfield code="a">Iso-Britannia</subfield> 
  </datafield> 
  <datafield tag="700" ind1="1" ind2=" "> 
   <subfield code="a">Hamilton, Guy</subfield> 
   <subfield code="e">(ohj.)</subfield> 
  </datafield> 
  <datafield tag="700" ind1="1" ind2=" "> 
   <subfield code="a">Maibaum, Richard</subfield> 
   <subfield code="e">(käsik.)</subfield> 
  </datafield> 
  <datafield tag="700" ind1="1" ind2=" "> 
   <subfield code="a">Mankiewicz, Tom</subfield> 
   <subfield code="e">(käsik.)</subfield> 
  </datafield> 
  <datafield tag="700" ind1="1" ind2=" "> 
   <subfield code="a">Fleming, Ian.</subfield> 
  </datafield> 
  <datafield tag="700" ind1="1" ind2=" "> 
   <subfield code="a">Moore, Roger</subfield> 
   <subfield code="e">(näytt.)</subfield> 
  </datafield> 
  <datafield tag="700" ind1="1" ind2=" "> 
   <subfield code="a">Lee, Christopher</subfield> 
   <subfield code="e">(näytt.)</subfield> 
  </datafield> 
  <datafield tag="700" ind1="1" ind2=" "> 
   <subfield code="a">Ekland, Britt</subfield> 
   <subfield code="e">(näytt.)</subfield> 
  </datafield> 
  <datafield tag="765" ind1="0" ind2=" "> 
   <subfield code="t">The man with the golden gun</subfield> 
  </datafield> 
 </record>